@ARTICLE{Yee1966,
    author  = {{Yee}, K.},
    title   = "{Numerical solution of inital boundary value problems involving maxwell's equations in isotropic media}",
    journal = {IEEE Transactions on Antennas and Propagation},
    year    = 1966,
    month   = may,
    volume  = 14,
    pages   = {302-307},
    doi     = {10.1109/TAP.1966.1138693},
    adsurl  = {http://adsabs.harvard.edu/abs/1966ITAP...14..302Y},
    adsnote = {Provided by the SAO/NASA Astrophysics Data System}
}

@Book{Taflove2000,
    Day       = {{30}},
    Edition   = {{2nd}},
    Month     = {{jun}},
    Publisher = {{Artech House Publishers}},
    author    = {Taflove, Allen and Hagness, Susan C.},
    title     = {{Computational Electrodynamics: The Finite-Difference Time-Domain Method}},
    year      = {{2000}},
}

@article{Radial-Zhao,
    author  = {Argyropoulos C.,Yan Zhao, Yang Hao},
    title   = {A Radially-Dependent Dispersive Finite-Difference Time-Domain Method for the Evaluation of Electromagnetic Cloaks},
    journal = {IEEE Transactions on Antennas and Propagation},
    year    = 2009,
    month   = {May},
    volume  = 57,
    issue   = 5,
    pages   = {1432--1441},
}

@inproceedings{DBLP:conf/osdi/SinghEVS04,
  author    = {Sumeet Singh and
               Cristian Estan and
               George Varghese and
               Stefan Savage},
  title     = {Automated Worm Fingerprinting},
  booktitle = {OSDI},
  year      = {2004},
  pages     = {45-60},
  ee        = {http://www.usenix.org/events/osdi04/tech/singh.html},
  bibsource = {DBLP, http://dblp.uni-trier.de}
}
@misc{wikipedia-ref,
	howpublished = "\url{http://en.wikipedia.org/wiki/Intrusion_detection_system}"
}
